<record><leader>00000cas a22000007a 4500</leader><controlfield tag="001">20580890</controlfield><controlfield tag="008">891101d18401851mduwr ne      0    0eng d</controlfield><controlfield tag="009">8898</controlfield><datafield ind1=" " ind2=" " tag="010"><subfield code="a">sn 89060273 </subfield></datafield><datafield ind1=" " ind2=" " tag="040"><subfield code="a">MFN</subfield><subfield code="b">eng</subfield><subfield code="c">MFN</subfield><subfield code="d">DLC</subfield><subfield code="d">MFN</subfield><subfield code="d">DLC</subfield><subfield code="d">OCLCQ</subfield></datafield><datafield ind1="1" ind2=" " tag="029"><subfield code="a">AU@</subfield><subfield code="b">000026228514</subfield></datafield><datafield ind1=" " ind2=" " tag="042"><subfield code="a">msc</subfield></datafield><datafield ind1="0" ind2="0" tag="050"><subfield code="a">Newspaper</subfield></datafield><datafield ind1="0" ind2=" " tag="130"><subfield code="a">Cumberland civilian (Cumberland, Md. : 1840)</subfield></datafield><datafield ind1="1" ind2="4" tag="245"><subfield code="a">The Cumberland civilian.</subfield></datafield><datafield ind1="1" ind2="3" tag="246"><subfield code="a">Semi-weekly civilian</subfield></datafield><datafield ind1=" " ind2=" " tag="260"><subfield code="a">Cumberland, Md. :</subfield><subfield code="b">Samuel Charles</subfield></datafield><datafield ind1=" " ind2=" " tag="300"><subfield code="a">v.</subfield></datafield><datafield ind1=" " ind2=" " tag="310"><subfield code="a">Weekly,</subfield><subfield code="b">&lt;Dec. 1847&gt;-1851</subfield></datafield><datafield ind1=" " ind2=" " tag="321"><subfield code="a">Weekly,</subfield><subfield code="b">1840-&lt;July 23, 1842&gt;</subfield></datafield><datafield ind1=" " ind2=" " tag="321"><subfield code="a">Semiweekly,</subfield><subfield code="b">&lt;Apr. 7, 1846-Nov. 1847&gt;</subfield></datafield><datafield ind1="0" ind2=" " tag="362"><subfield code="a">Vol. 13, no. 42 (Jan. 18, 1840)- ; v. 1, no. 1 (Apr. 7, 1846)-v. 8, no. 46 (Aug. 22, 1851).</subfield></datafield><datafield ind1=" " ind2=" " tag="515"><subfield code="a">Began renumbering with v. 1, no. 1 (Apr. 7, 1846).</subfield></datafield><datafield ind1=" " ind2=" " tag="752"><subfield code="a">United States</subfield><subfield code="b">Maryland</subfield><subfield code="c">Allegany</subfield><subfield code="d">Cumberland.</subfield></datafield><datafield ind1="0" ind2="0" tag="780"><subfield code="t">Phoenix civilian</subfield><subfield code="w">(DLC)sn 89060272</subfield></datafield><datafield ind1="0" ind2="0" tag="785"><subfield code="t">Cumberland miners' journal</subfield><subfield code="w">(DLC)sn 83016178</subfield></datafield></record>